@article{Trimmomatic2014bioinformatics,
author = {Bolger, Anthony M. and Lohse, Marc and Usadel, Bjoern},
title = {Trimmomatic: a flexible trimmer for Illumina sequence data},
journal = {Bioinformatics},
volume = {30},
number = {15},
pages = {2114},
year = {2014},
doi = {10.1093/bioinformatics/btu170},
URL = { + http://dx.doi.org/10.1093/bioinformatics/btu170},
eprint = {/oup/backfile/content_public/journal/bioinformatics/30/15/10.1093_bioinformatics_btu170/2/btu170.pdf}
}